<?xml version="1.0" encoding="UTF-8" ?>
<record Numero="12223257" format="InterXMarc_Complet" type="Authority">
<leader>01269c0 au22000272  45  <Pos Code="0004">01269</Pos>
<Pos Code="05" Sens="notice modifiée">c</Pos>
<Pos Code="06" Sens="notice validée par les services d&apos;autorité">0</Pos>
<Pos Code="08" Sens="notice d&apos;autorité">a</Pos>
<Pos Code="09" Sens="titre uniforme musical (TUM)">u</Pos>
<Pos Code="10">2</Pos>
<Pos Code="11">2</Pos>
<Pos Code="1216">00027</Pos>
<Pos Code="17" Sens="autres cas">2</Pos>
<Pos Code="20">4</Pos>
<Pos Code="21">5</Pos>
</leader>
<controlfield tag="001">FRBNF122232575<Pos Code="0001">FR</Pos>
<Pos Code="0204">BNF</Pos>
<Pos Code="0512">12223257</Pos>
<Pos Code="13">5</Pos>
</controlfield>
<controlfield tag="008">911025131204yyita op        1921      1926                   010 <Pos Code="0001">91</Pos>
<Pos Code="0203">10</Pos>
<Pos Code="0405">25</Pos>
<Pos Code="0607">13</Pos>
<Pos Code="0809">12</Pos>
<Pos Code="1011">04</Pos>
<Pos Code="1213" Sens="ne s&apos;applique pas">yy</Pos>
<Pos Code="1416" Sens="italien">ita</Pos>
<Pos Code="1820" Sens="opéra [drame lyrique => opéra, melodramma => opéra]">op </Pos>
<Pos Code="2831">1921</Pos>
<Pos Code="3841">1926</Pos>
<Pos Code="61" Sens="La vedette peut être liée à une notice bibliographique pour les accès signalétiques et/ou pour l&apos;accès matière RAMEAU">0</Pos>
<Pos Code="62" Sens="La vedette ne peut s&apos;employer qu&apos;en tête de vedette">1</Pos>
<Pos Code="63" Sens="La vedette n&apos;admet pas de subdivision géographique">0</Pos>
</controlfield>
<datafield tag="048" ind1=" " ind2=" ">
	<subfield code="b">va04<Pos Code="0001" Sens="voix - soprano">va</Pos>
<Pos Code="02">0</Pos>
<Pos Code="03">4</Pos>
</subfield>
	<subfield code="b">vd05<Pos Code="0001" Sens="voix - ténor">vd</Pos>
<Pos Code="02">0</Pos>
<Pos Code="03">5</Pos>
</subfield>
	<subfield code="b">ve02<Pos Code="0001" Sens="voix - baryton">ve</Pos>
<Pos Code="02">0</Pos>
<Pos Code="03">2</Pos>
</subfield>
	<subfield code="b">vf01<Pos Code="0001" Sens="voix - basse">vf</Pos>
<Pos Code="02">0</Pos>
<Pos Code="03">1</Pos>
</subfield>
	<subfield code="a">cn  <Pos Code="0001" Sens="choeurs - non spécifié">cn</Pos>
<Pos Code="02"> </Pos>
<Pos Code="03"> </Pos>
</subfield>
	<subfield code="a">oa  <Pos Code="0001" Sens="orchestre - orchestre symphonique XIXe-XXe s.">oa</Pos>
<Pos Code="02"> </Pos>
<Pos Code="03"> </Pos>
</subfield>
</datafield>
<datafield tag="100" ind1=" " ind2=" ">
	<subfield code="3">12765786</subfield>
	<subfield code="w">.0..b.....</subfield>
	<subfield code="a">Puccini</subfield>
	<subfield code="m">Giacomo</subfield>
	<subfield code="d">1858-1924</subfield>
</datafield>
<datafield tag="144" ind1="1" ind2=" ">
	<subfield code="w">....b.....</subfield>
	<subfield code="a">Turandot</subfield>
</datafield>
<datafield tag="320" ind1=" " ind2=" ">
	<subfield code="3">14417336</subfield>
	<subfield code="9">145</subfield>
	<subfield code="a">Adami</subfield>
	<subfield code="m">Giuseppe</subfield>
	<subfield code="d">1878-1946</subfield>
	<subfield code="t">Turandot</subfield>
</datafield>
<datafield tag="320" ind1=" " ind2=" ">
	<subfield code="3">14417362</subfield>
	<subfield code="9">145</subfield>
	<subfield code="a">Simoni</subfield>
	<subfield code="m">Renato</subfield>
	<subfield code="d">1875-1952</subfield>
	<subfield code="t">Turandot</subfield>
</datafield>
<datafield tag="600" ind1=" " ind2=" ">
	<subfield code="a">Drame lyrique en 3 actes et 5 tableaux</subfield>
	<subfield code="a">Livret de Giuseppe Adami et Renato Simoni, d&apos;après la pièce de Carlo Gozzi (1762)</subfield>
	<subfield code="a">Oeuvre laissée inachevée par Puccini, terminée par Franco Alfano</subfield>
	<subfield code="a">Dates de composition (Puccini) : 1921-novembre 1924</subfield>
	<subfield code="a">Dates de composition (Alfano) : 1925-1926</subfield>
	<subfield code="a">1re représentation : Milan, Teatro alla Scala, 25 avril 1926 (26 avril pour l&apos;ouvrage complet), sous la direction d&apos;Arturo Toscanini</subfield>
	<subfield code="a">1re éd. : Milan : Ricordi, 1926</subfield>
</datafield>
<datafield tag="608" ind1=" " ind2=" ">
	<subfield code="b">Liù, Turandot, 2 voix (sopranos)</subfield>
	<subfield code="b">Altoum, Calaf, Pang, Pong, le prince de Perse (ténors)</subfield>
	<subfield code="b">un mandarin, Ping (barytons)</subfield>
	<subfield code="b">Timur (basse)</subfield>
</datafield>
<datafield tag="610" ind1=" " ind2=" ">
	<subfield code="a">Hopkinson, Puccini</subfield>
</datafield>
<datafield tag="610" ind1=" " ind2=" ">
	<subfield code="a">Dictionnaire des œuvres de l&apos;art vocal</subfield>
</datafield>
<datafield tag="624" ind1=" " ind2=" ">
	<subfield code="a">780<Pos Code="0002" Sens="Musique">780</Pos>
</subfield>
</datafield>
<datafield tag="907" ind1=" " ind2=" ">
	<subfield code="o">GEA</subfield>
	<subfield code="a">003131802</subfield>
</datafield>
<datafield tag="917" ind1=" " ind2=" ">
	<subfield code="o">OPL</subfield>
	<subfield code="a">007816337</subfield>
</datafield>
<datafield tag="917" ind1=" " ind2=" ">
	<subfield code="o">OPD</subfield>
	<subfield code="a">100104080</subfield>
	<subfield code="b">ATUM</subfield>
</datafield>
<datafield tag="917" ind1=" " ind2=" ">
	<subfield code="o">OPD</subfield>
	<subfield code="a">100455510</subfield>
	<subfield code="b">ATUM</subfield>
</datafield>
<datafield tag="996" ind1=" " ind2=" ">
	<subfield code="o">OPP</subfield>
	<subfield code="a">14748829</subfield>
	<subfield code="d">20090727</subfield>
</datafield>
<datafield tag="996" ind1=" " ind2=" ">
	<subfield code="o">OPP</subfield>
	<subfield code="a">14788108</subfield>
	<subfield code="d">20090825</subfield>
</datafield>
<datafield tag="996" ind1=" " ind2=" ">
	<subfield code="o">OPP</subfield>
	<subfield code="a">14819134</subfield>
	<subfield code="d">20090825</subfield>
</datafield>
<datafield tag="996" ind1=" " ind2=" ">
	<subfield code="o">OPP</subfield>
	<subfield code="a">16306008</subfield>
	<subfield code="d">20131204</subfield>
</datafield>
<Attr Nom="IDPerenne">ark:/12148/cb12223257f</Attr>
<Attr Nom="NumSource">GEA 003131802</Attr>
<Attr Nom="Source" Sens="BnF catalogue général (depuis 1999)">A</Attr>
<Attr Nom="NumAutoriteLiee">127657861441733614417362</Attr>
<Attr Nom="DateCreation">25/10/ 1991</Attr>
<Attr Nom="ResponsableCreation">MIGV1</Attr>
<Attr Nom="StructCreation">1</Attr>
<Attr Nom="DateDerniereValidation">04/12/ 2013</Attr>
<Attr Nom="ResponsableDerniereValidation">SERRES CATHERINE</Attr>
<Attr Nom="StructPremiereValidation">1</Attr>
<Attr Nom="DatePremiereValidation">09/03/ 1995</Attr>
<Attr Nom="ResponsablePremiereValidation">MIGV1</Attr>
<Attr Nom="StructDerniereValidation">82</Attr>
<Attr Nom="NumSource" Rep="1">OPL 007816337</Attr>
<Attr Nom="NumSource" Rep="2">OPD 100104080</Attr>
<Attr Nom="NumSource" Rep="3">OPD 100455510</Attr>
<Attr Nom="NumSource" Rep="4">OPP 14748829</Attr>
<Attr Nom="NumSource" Rep="5">OPP 14788108</Attr>
<Attr Nom="NumSource" Rep="6">OPP 14819134</Attr>
<Attr Nom="NumSource" Rep="7">OPP 16306008</Attr>
</record>